<?xml version="1.0" encoding="UTF-8"?><collection xmlns="http://www.loc.gov/MARC21/slim"><record><leader>00365nam--2200109-i-4500</leader><controlfield tag="001">000018864</controlfield><controlfield tag="002">20161230</controlfield><controlfield tag="005">20161230201032</controlfield><controlfield tag="008">060222s1000------------r-----000-0-eng-d</controlfield><datafield ind1=" " ind2=" " tag="245"><subfield code="a">Quatrieme congres de calcul et de traitement de l information afiro.publie avec le concurs du c.n.r.s.versailles 21-24 avril 1964</subfield></datafield><datafield ind1=" " ind2=" " tag="260"><subfield code="a">Paris, Dunod, 1965. Vii + 413 P</subfield></datafield><datafield ind1=" " ind2=" " tag="852"><subfield code="a">23952</subfield></datafield></record></collection>